%
%   author = {},
%    title = "{}",
%  journal = {},
%archivePrefix = "",
%   eprint = {},
% primaryClass = "",
% keywords = {},
%     year = ,
%    month = ,
%   volume = ,
%      eid = {},
%    pages = {},
%      doi = {},
%   adsurl = {},
%  adsnote = {}
%}
%

@book{Brown01,
author= {{Brown}, B. and {Aaron}, M},
title= "{The future of modern genomics}",
year = 2001,
publisher="Blackwell", 
address = {London}
}

@incollection{Aron01,
   author = {Aron, M. and Brown, B},
    title = "{The politics of nature.}",
    editor = {Smith, J},
    booktitle = {The rise of modern genomics,3rd edn},
    year = 2001,
    publisher = {Wiley}, 
    address = {New York},
    pages = {234-295}
}

@INPROCEEDINGS{Boisnard06,
   author = {{Boisnard}, L. and {Auvergne}, M},
    title = "{CoRoT in Brief}",
booktitle = {ESA Special Publication},
     year = 2006,
   series = {ESA Special Publication},
   volume = 1306,
   editor = {{Fridlund}, M. and {Baglin}, A. and {Lochard}, J. and {Conroy}, L.
	},
    month = nov,
    pages = {19-22},
   adsurl = {http://esoads.eso.org/abs/2006ESASP1306...19B},
  adsnote = {Provided by the SAO/NASA Astrophysics Data System}
}



@phdthesis{AlmenaraThesis10,
title={Detecci{\'o}n de planetas en sistemas binarios eclipsantes},
author={Almenara, J.M.},
school={Univ. de La Laguna, Tenerife, Spain},
year= 2010,
}

@incollection{khan2017big,
  title={Big-Graphs: Querying, Mining, and Beyond},
  author={Khan, Arijit and Ranu, Sayan},
  booktitle={Handbook of Big Data Technologies},
  pages={531--582},
  year={2017},
  publisher={Springer}
}

%Standard entry types

%article: Article from a magazine or journal
%book: A published book
%booklet: A work that is printed but have no publisher or sponsoring institution
%conference: An article in a conference proceedings
%inbook: A part of a book (section, chapter and so on)
%incollection: A part of a book having its own title
%inproceedings: An article in a conference proceedings
%misc: Something that doesn't fit in any other type
%phdthesis: A PhD thesis
%proceedings:The same as conference
%techreport: Report published by an institution
%unpublished: Document not formally published, with author and title

@incollection{wang2010survey,
  title={A survey of algorithms for keyword search on graph data},
  author={Wang, Haixun and Aggarwal, Charu C},
  booktitle={Managing and Mining Graph Data},
  pages={249--273},
  year={2010}
}

@inproceedings{bao2015exploratory,
  title={Exploratory keyword search with interactive input},
  author={Bao, Zhifeng and Zeng, Yong and Jagadish, HV and Ling, Tok Wang},
  booktitle={SIGMOD},
  pages={871--876},
  year={2015}
}

@article{yahya2016exploratory,
  title={Exploratory querying of extended knowledge graphs},
  author={Yahya, Mohamed and Berberich, Klaus and Ramanath, Maya and Weikum, Gerhard},
  journal={VLDB},
  pages={1521--1524},
  year={2016}
}

@inproceedings{mottin2017graph,
  title={Graph Exploration: From Users to Large Graphs},
  author={Mottin, Davide and M{\"u}ller, Emmanuel},
  booktitle={PODS},
  pages={1737--1740},
  year={2017}
}

@inproceedings{kacholia2005bidirectional,
  title={Bidirectional expansion for keyword search on graph databases},
  author={Kacholia, V. and Pandit, S. and Chakrabarti, S. and Sudarshan, S. and Desai, R. and Karambelkar, H.},
  booktitle={VLDB},
  year={2005}
}

@inproceedings{he2007blinks,
  title={BLINKS: ranked keyword searches on graphs},
  author={He, Hao and Wang, Haixun and Yang, Jun and Yu, Philip S},
  booktitle={SIGMOD},
  pages={305--316},
  year={2007}
}

@article{yu2010keyword,
  title={Keyword search in relational databases: A survey.},
  author={Yu, Jeffrey Xu and Qin, Lu and Chang, Lijun},
  journal={IEEE Data Eng. Bull.},
  pages={67--78},
  year={2010}
}

@inproceedings{bhalotia2002keyword,
  title={Keyword searching and browsing in databases using BANKS},
  author={Bhalotia, Gaurav and Hulgeri, Arvind and Nakhe, Charuta and Chakrabarti, Soumen and Sudarshan, Shashank},
  booktitle={ICDE},
  pages={431--440},
  year={2002}
}

@inproceedings{ding2007finding,
  title={Finding top-k min-cost connected trees in databases},
  author={Ding, Bolin and Yu, Jeffrey Xu and Wang, Shan and Qin, Lu and Zhang, Xiao and Lin, Xuemin},
  booktitle={ICDE},
  pages={836--845},
  year={2007}
}

@article{byrka2013steiner,
  title={Steiner tree approximation via iterative randomized rounding},
  author={Byrka, Jaros{\l}aw and Grandoni, Fabrizio and Rothvoss, Thomas and Sanit{\`a}, Laura},
  journal={Journal of the ACM},
  volume={60},
  number={1},
  pages={6},
  year={2013}
}

@inproceedings{li2008ease,
  title={EASE: an effective 3-in-1 keyword search method for unstructured, semi-structured and structured data},
  author={Li, Guoliang and Ooi, Beng Chin and Feng, Jianhua and Wang, Jianyong and Zhou, Lizhu},
  booktitle={SIGMOD},
  pages={903--914},
  year={2008}
}

@article{kargar2011keyword,
  title={Keyword search in graphs: Finding r-cliques},
  author={Kargar, Mehdi and An, Aijun},
  journal={VLDB},
  pages={681--692},
  year={2011}
}

@inproceedings{mishra2009interactive,
  title={Interactive query refinement},
  author={Mishra, Chaitanya and Koudas, Nick},
  booktitle={EDBT},
  pages={862--873},
  year={2009}
}

@inproceedings{yao2012keyword,
  title={Keyword query reformulation on structured data},
  author={Yao, Junjie and Cui, Bin and Hua, Liansheng and Huang, Yuxin},
  booktitle={ICDE},
  pages={953--964},
  year={2012}
}


@article{carpineto2012survey,
  title={A survey of automatic query expansion in information retrieval},
  author={Carpineto, Claudio and Romano, Giovanni},
  journal={ACM Computing Surveys (CSUR)},
  pages={1},
  year={2012}
}

@inproceedings{cao2008context,
  title={Context-aware query suggestion by mining click-through and session data},
  author={Cao, Huanhuan and Jiang, Daxin and Pei, Jian and He, Qi and Liao, Zhen and Chen, Enhong and Li, Hang},
  booktitle={SIGKDD},
  pages={875--883},
  year={2008}
}

@inproceedings{tran2009top,
  title={Top-k exploration of query candidates for efficient keyword search on graph-shaped (rdf) data},
  author={Tran, Thanh and Wang, Haofen and Rudolph, Sebastian and Cimiano, Philipp},
  booktitle={ICDE},
  pages={405--416},
  year={2009}
}

@inproceedings{koutrika2009data,
  title={Data clouds: summarizing keyword search results over structured data},
  author={Koutrika, Georgia and Zadeh, Zahra Mohammadi and Garcia-Molina, Hector},
  booktitle={EDBT},
  pages={391--402},
  year={2009}
}

@inproceedings{zeng2014breaking,
  title={Breaking out of the mismatch trap},
  author={Zeng, Yong and Bao, Zhifeng and Ling, Tok Wang and Jagadish, HV and Li, Guoliang},
  booktitle={ICDE},
  pages={940--951},
  year={2014}
}